
@InCollection{	  ghahramani2003,
  title		= {Information Theory},
  author	= {Ghahramani, Zoubin},
  year		= {2003},
  crossref	= {nadel2003},
  url		= {http://mlg.eng.cam.ac.uk/zoubin/papers/ECS-infotheory02.pdf},
  pdf		= {articles/2003/ghahramani2003.pdf}
}

@Book{		  stone2015,
  title		= {Information Theory: A Tutorial Introduction},
  author	= {Stone, JV},
  isbn		= {9780956372857},
  series	= {Tutorial Introduction Book},
  year		= {2015},
  publisher	= {Sebtel Press},
  pdf		= {books/2015/stone2015.pdf}
}

@Book{		  seife2007,
  title		= {Decoding the Universe: How the New Science of Information
		  is Explaining Everything in the Cosmos, from Our Brains to
		  Black Holes},
  author	= {Seife, Charles},
  isbn		= {9780143038399},
  year		= {2007},
  publisher	= {Penguin Books},
  djvu		= {books/2007/seife2007.pdf}
}

@Book{		  pierce1980,
  title		= {An Introduction to Information Theory: Symbols, Signals
		  and Noise},
  author	= {Pierce, John R.},
  isbn		= {9780486134970},
  series	= {Dover Books on Mathematics},
  year		= {1980},
  publisher	= {Dover Publications},
  pdf		= {books/1980/pierce2012.pdf}
}

@Article{chomsky1968,
 author="Chomsky, Noam",
 title="Quine's empirical assumptions",
 journal="Synthese",
 year="1968",
 volume="19",
 number="1",
 pages="53--68",
 doi="10.1007/BF00568049",
 pdf = {articles/1960s/chomsky1968.pdf}
}
@book{jurafsky2009,
  title={Speech and Language Processing: An Introduction to Natural Language Processing, Computational Linguistics, and Speech Recognition},
  author = {Daniel Jurafsky and James H. Martin},
  year={2009},
  edition = {second},
  isbn = {978-0-13-504196-3},
  publisher={Pearson Prentice Hall},
  Pdf = {books/2009/jurafsky2009-draft.pdf}
}
@book{hastie2009,
  title={The Elements of Statistical Learning: Data Mining, Inference, and Prediction},
  edition = {Second},
  author={Hastie, Trevor and Tibshirani, Robert and Friedman, Jerome},
  isbn={9780387848587},
  series={Springer series in statistics},
  year={2009},
  publisher={Springer-Verlag New York},
  url = {http://web.stanford.edu/~hastie/ElemStatLearn/},
  pdf = {books/2009/hastie2009.pdf}
}
@book{manning1999,
  title={Foundations of Statistical Natural Language Processing},
  author={Manning, Christopher D. and Sch{\"u}tze,  Hinrich},
  isbn={9780262133609},
  year={1999},
  publisher={MIT Press},
  pdf = {books/1999/manning1999.pdf}
}

@Book{bishop2006,
  Title                    = {Pattern Recognition and Machine Learning},
  Author                   = {Christopher M. Bishop},
  Year                     = {2006},
  ISBN                     = {978-0387-31073-2},
  Publisher                = {Springer},
  Pdf                      = {books/2006/bishop2006.pdf}
}

@book{strang2009,
 title =     {Introduction to Linear Algebra, Fourth Edition},
 author =    {Gilbert Strang},
 publisher = {Wellesley Cambridge Press},
 isbn =      {9780980232714},
 year =      {2009},
 edition =   {4},
 pdf = {books/2009/strang2009.pdf}
}

@book{farin2014,
   title =     {Practical linear algebra: a geometry toolbox},
   author =    {Farin, Gerald E. and Hansford, Dianne},
   publisher = {CRC Press},
   isbn =      {978-1-4665-7958-3},
   year =      {2014},
   edition =   {Third edition},
 pdf = {books/2014/farin2014.pdf}
}

@book{shifrin2011,
 title =     {Linear Algebra. A Geometric Approach},
 author =    {Shifrin, Theodore and Adams, Malcolm R},
 publisher = {W. H. Freeman},
 isbn =      {978-1-4292-1521-3},
 year =      {2011},
 edition =   {2nd},
 pdf = {books/2011/shifrin2011.pdf}
}

@book{cherney2013,
 author = {Cherney, David and Denton, Tom and Waldron, Andrew},
 title = {Linear algebra},
 year = {2013},
 url = {https://www.math.ucdavis.edu/~linear/},
 pdf = {books/2013/cherney2013.pdf},
 publisher = {math.ucdavis.edu}

}

@book{beezer2016,
  title={A First Course in Linear Algebra},
  author={Beezer, Robert A.},
  isbn={9780984417551},
  year={2014},
  note = {version 3.50},
  publisher={Congruent Press},
 url = {http://linear.ups.edu/},
  pdf = {books/2016/beezer2016.pdf}
}

@article{strang1991,
  title={Calculus},
  author={Strang, Gilbert},
  journal={Wellesley-Cambridge press},
  year={1991},
  pdf = {books/1991/strang1991.pdf},
 url = {https://ocw.mit.edu/resources/res-18-001-calculus-online-textbook-spring-2005/textbook/}
}

@book{beezer2014,
  title={A First Course in Linear Algebra},
  author={Beezer, Robert A.},
  isbn={9780984417551},
  year={2014},
  note = {version 3.40},
  publisher={Congruent Press},
 url = {http://linear.ups.edu/},
  pdf = {books/2014/beezer2014.pdf}
}


@book{mackay2003,
    title = {Information Theory, Inference and Learning Algorithms},
    author = {David J. C. Mac{K}ay},
    isbn = {978-05-2164-298-9},
    year = {2003},
    publisher = {Cambridge University Press},
    pdf = {books/2003/mackay2003.pdf},
 url = {http://www.inference.phy.cam.ac.uk/itprnn/book.html}
}
@book{grinstead2012,
 title={Introduction to probability},
 author={Grinstead, Charles Miller and Snell, James Laurie},
 year={2012},
 isbn={9780821894149},
 publisher={American Mathematical Society},
 pdf = {books/2012/grinstead2012.pdf},
 url = {http://www.dartmouth.edu/~chance/teaching_aids/books_articles/probability_book/book.html}
}
@book{jaynes2007,
    author = {Jaynes, Edwin T},
    editor = {Bretthorst, G. Larry},
    isbn = {978-05-2159-271-0},
    year = {2007},
    publisher = {Cambridge University Press},
    title = {Probability Theory: The Logic of Science},
    pdf = {books/2007/jaynes2007.pdf}
}

@article{shannon1948,
  title={A mathematical theory of communication},
  author={Shannon, Claude E.},
  journal={Bell Systems Technical Journal},
  volume={27},
  pages={379--423, 623--656},
  year={1948},
 pdf = {articles/1940s/shannon1948.pdf}
}


@article{messerli2012,
  title={Chocolate consumption, cognitive function, and Nobel laureates},
  author={Messerli, Franz H},
  journal={The New England journal of medicine},
  volume={367},
  number={16},
  pages={1562--1564},
  year={2012},
  publisher={Massachusetts Medical Society},
 pdf = {articles/2012/messerli2012.pdf}
}

@book{mitchell1997,
 title =     {Machine Learning},
 author =    {Thomas Mitchell},
 publisher = {McGraw Hill Higher Education},
 isbn =      {0071154671,0070428077,9780071154673,9780070428072},
 year =      {1997},
 edition =   {1st},
 pdf = {books/1997/mitchell1997.pdf}
}

@book{barber2012,
  title={Bayesian Reasoning and Machine Learning},
  author={Barber, David},
  isbn={9780521518147},
  year={2012},
  publisher={Cambridge University Press},
 pdf = {books/2012/barber2012.pdf}
}

@book{james2013,
  title={An Introduction to Statistical Learning: with Applications in R},
  author={James, G. and Witten, D. and Hastie, T. and Tibshirani, R.},
  isbn={9781461471387},
  series={Springer Texts in Statistics},
  year={2013},
  publisher={Springer New York},
  url = {http://www-bcf.usc.edu/~gareth/ISL/},
  pdf = {books/2013/james2013.pdf}
}
@book{hastie2009,
  title={The Elements of Statistical Learning: Data Mining, Inference, and Prediction},
  edition = {Second},
  author={Hastie, Trevor and Tibshirani, Robert and Friedman, Jerome},
  isbn={9780387848587},
  series={Springer series in statistics},
  year={2009},
  publisher={Springer-Verlag New York},
  url = {http://web.stanford.edu/~hastie/ElemStatLearn/},
  pdf = {books/2009/hastie2009.pdf}
}

@book{minsky1969,
   title =     {Perceptrons: An introduction to computational geometry},
   author =    {Minsky, Marvin and Papert, Seymour},
   publisher = {MIT Press},
   year =      {1969},
 djvu = {books/1960s/minsky1969.djvu}
}

@article{rosenblatt1958,
  title={The perceptron: a probabilistic model for information storage and organization in the brain.},
  author={Rosenblatt, Frank},
  journal={Psychological review},
  volume={65},
  number={6},
  pages={386--408},
  year={1958},
  publisher={American Psychological Association},
 pdf = {articles/1950s/rosenblatt1958.pdf}
}
